
  <record>
    <leader>00000nam a2200000 c 4500</leader>
    <controlfield tag="001">78839</controlfield>
    <controlfield tag="006">a    |     |||||||</controlfield>
    <controlfield tag="008">150415s2014||||xx     |     |||||||eng||</controlfield>
    <datafield tag="020" ind1=" " ind2=" ">
      <subfield code="a">978-1-137-38194-1</subfield>
    </datafield>
    <datafield tag="084" ind1=" " ind2=" ">
      <subfield code="a">W 02-490</subfield>
      <subfield code="b">HIGH</subfield>
    </datafield>
    <datafield tag="245" ind1="0" ind2="0">
      <subfield code="a">Higher education in the American West</subfield>
      <subfield code="b">regional history and state contexts</subfield>
      <subfield code="c">ed. by Lester F. Goodchild ...</subfield>
    </datafield>
    <datafield tag="260" ind1=" " ind2=" ">
      <subfield code="a">New York, NY</subfield>
      <subfield code="b">Palgrave MacMillan</subfield>
      <subfield code="c">2014</subfield>
    </datafield>
    <datafield tag="300" ind1=" " ind2=" ">
      <subfield code="a">XV, 318 S.</subfield>
      <subfield code="b">Kt.</subfield>
    </datafield>
    <datafield tag="336" ind1=" " ind2=" ">
      <subfield code="a">Monographie</subfield>
    </datafield>
    <datafield tag="365" ind1=" " ind2=" ">
      <subfield code="b">79,04</subfield>
    </datafield>
    <datafield tag="490" ind1="0" ind2=" ">
      <subfield code="a">Higher Education &amp; Society</subfield>
    </datafield>
    <datafield tag="520" ind1=" " ind2=" ">
      <subfield code="a">Higher Education in the American West: Regional History and State Contexts is the first comprehensive regional history of American higher education. It offers new historical research on how societal forces and state actions brought about the region's one thousand two hundred institutions of higher learning in 15 western states. (HRK / Abstract übernommen)</subfield>
    </datafield>
    <datafield tag="650" ind1=" " ind2="4">
      <subfield code="a">Ausland</subfield>
      <subfield code="x">USA</subfield>
      <subfield code="x">einzelne Hochschulen</subfield>
    </datafield>
    <datafield tag="650" ind1=" " ind2="4">
      <subfield code="a">Ausland</subfield>
      <subfield code="x">USA</subfield>
      <subfield code="x">Studenten, Studium, Lehre</subfield>
    </datafield>
    <datafield tag="650" ind1=" " ind2="4">
      <subfield code="a">Hochschule und Region</subfield>
    </datafield>
    <datafield tag="690" ind1=" " ind2=" ">
      <subfield code="a">USA</subfield>
    </datafield>
    <datafield tag="700" ind1="1" ind2=" ">
      <subfield code="a">GOODCHILD, Lester F.</subfield>
    </datafield>
    <datafield tag="852" ind1="4" ind2=" ">
      <subfield code="j">W 02-490 HIGH</subfield>
      <subfield code="p">EZ003FH4</subfield>
    </datafield>
  </record>