
  <record>
    <leader>00000nam a2200000 c 4500</leader>
    <controlfield tag="001">75712</controlfield>
    <controlfield tag="006">a    |     |||||||</controlfield>
    <controlfield tag="008">090827s2008||||xx     |     |||||||ger||</controlfield>
    <datafield tag="084" ind1=" " ind2=" ">
      <subfield code="a">W 02-490</subfield>
      <subfield code="b">HILL</subfield>
    </datafield>
    <datafield tag="100" ind1="1" ind2=" ">
      <subfield code="a">HILL, Barbara</subfield>
    </datafield>
    <datafield tag="245" ind1="1" ind2="2">
      <subfield code="a">A guide to internationalization for chief academic officers</subfield>
      <subfield code="c">by Barbara A. Hill and Madeleine F. Green</subfield>
    </datafield>
    <datafield tag="260" ind1=" " ind2=" ">
      <subfield code="a">Washington, DC</subfield>
      <subfield code="b">American Council on Education</subfield>
      <subfield code="c">2008</subfield>
    </datafield>
    <datafield tag="300" ind1=" " ind2=" ">
      <subfield code="a">X, 44 S.</subfield>
    </datafield>
    <datafield tag="336" ind1=" " ind2=" ">
      <subfield code="a">Monographie</subfield>
    </datafield>
    <datafield tag="490" ind1="0" ind2=" ">
      <subfield code="a">Global learning for all: the fifth in a series of working papers</subfield>
    </datafield>
    <datafield tag="520" ind1=" " ind2=" ">
      <subfield code="a">Derived from four years of engagement with chief academic officers (CAOs) from 50 different institutions on leading higher education internationalization, this publication presents ways to assess the institutional context for internationalization and to choose appropriate leadership strategies to effect positive change. The essay is framed so that the CAO of any institution, regardless of sector, size, or affiliation, can find useful advice about the processes and content of internationalization. (HRK / Abstract übernommen)</subfield>
    </datafield>
    <datafield tag="650" ind1=" " ind2="4">
      <subfield code="a">Internationalität</subfield>
    </datafield>
    <datafield tag="650" ind1=" " ind2="4">
      <subfield code="a">Globalisierung</subfield>
    </datafield>
    <datafield tag="650" ind1=" " ind2="4">
      <subfield code="a">Hochschule</subfield>
      <subfield code="x">Verfassung und Selbstverwaltung</subfield>
    </datafield>
    <datafield tag="650" ind1=" " ind2="4">
      <subfield code="a">Hochschule</subfield>
      <subfield code="x">Verwaltung allgemein</subfield>
    </datafield>
    <datafield tag="650" ind1=" " ind2="4">
      <subfield code="a">Hochschulreform</subfield>
      <subfield code="x">allgemein</subfield>
    </datafield>
    <datafield tag="650" ind1=" " ind2="4">
      <subfield code="a">Hochschule und Staat</subfield>
      <subfield code="x">allgemein</subfield>
    </datafield>
    <datafield tag="650" ind1=" " ind2="4">
      <subfield code="a">Ausland</subfield>
      <subfield code="x">USA</subfield>
      <subfield code="x">Hochschulwesen allgemein</subfield>
    </datafield>
    <datafield tag="690" ind1=" " ind2=" ">
      <subfield code="a">USA</subfield>
    </datafield>
    <datafield tag="700" ind1="1" ind2=" ">
      <subfield code="a">GREEN, Madeleine F.</subfield>
    </datafield>
    <datafield tag="852" ind1="4" ind2=" ">
      <subfield code="j">W 02-490 HILL</subfield>
      <subfield code="p">EZ002KQ4</subfield>
    </datafield>
  </record>