
  <record>
    <leader>00000nam a2200000 c 4500</leader>
    <controlfield tag="001">101223</controlfield>
    <controlfield tag="006">aa   |     |||||||</controlfield>
    <controlfield tag="008">690129s1968||||xx a   |     |||||||ger||</controlfield>
    <datafield tag="084" ind1=" " ind2=" ">
      <subfield code="a">W 02-480</subfield>
    </datafield>
    <datafield tag="245" ind1="0" ind2="4">
      <subfield code="a">Das Bildungswesen der Volksrepublik Ungarn</subfield>
      <subfield code="c">zsgest. von Ernö Buti</subfield>
    </datafield>
    <datafield tag="260" ind1=" " ind2=" ">
      <subfield code="b">[Budapest]</subfield>
      <subfield code="c">1968</subfield>
    </datafield>
    <datafield tag="300" ind1=" " ind2=" ">
      <subfield code="a">195 S.</subfield>
      <subfield code="b">Ill.</subfield>
    </datafield>
    <datafield tag="336" ind1=" " ind2=" ">
      <subfield code="a">Monographie</subfield>
    </datafield>
    <datafield tag="650" ind1=" " ind2="4">
      <subfield code="a">Ausland</subfield>
      <subfield code="x">Ungarn</subfield>
      <subfield code="x">allgemein</subfield>
    </datafield>
    <datafield tag="650" ind1=" " ind2="4">
      <subfield code="a">Ausland</subfield>
      <subfield code="x">Ungarn</subfield>
      <subfield code="x">Schule</subfield>
    </datafield>
    <datafield tag="650" ind1=" " ind2="4">
      <subfield code="a">Ausland</subfield>
      <subfield code="x">Ungarn</subfield>
      <subfield code="x">Hochschulwesen allgemein</subfield>
    </datafield>
    <datafield tag="690" ind1=" " ind2=" ">
      <subfield code="a">Ungarn</subfield>
    </datafield>
    <datafield tag="700" ind1="1" ind2=" ">
      <subfield code="a">BUTI, Ernö</subfield>
    </datafield>
    <datafield tag="852" ind1="4" ind2=" ">
      <subfield code="j">W 02-480</subfield>
      <subfield code="p">EZ000VOG</subfield>
    </datafield>
  </record>