
  <record>
    <leader>00000nam a2200000 c 4500</leader>
    <controlfield tag="001">68806</controlfield>
    <controlfield tag="006">aa   |     |||||||</controlfield>
    <controlfield tag="008">000629s2000||||xx a   |     |||||||eng||</controlfield>
    <datafield tag="084" ind1=" " ind2=" ">
      <subfield code="a">W 02-480</subfield>
    </datafield>
    <datafield tag="110" ind1="2" ind2=" ">
      <subfield code="a">CENTRAL EUROPEAN UNIVERSITY &lt;BUDAPEST; WARSAW&gt; / DEPARTMENT OF MEDIEVAL STUDIES &lt;BUDAPEST&gt;</subfield>
    </datafield>
    <datafield tag="245" ind1="1" ind2="0">
      <subfield code="a">Annual of medieval studies at CEU 2000</subfield>
      <subfield code="c">ed. by Katalin Szende ...</subfield>
    </datafield>
    <datafield tag="260" ind1=" " ind2=" ">
      <subfield code="b">Budapest</subfield>
      <subfield code="c">2000</subfield>
    </datafield>
    <datafield tag="300" ind1=" " ind2=" ">
      <subfield code="a">324 S.</subfield>
      <subfield code="b">Ill.</subfield>
    </datafield>
    <datafield tag="336" ind1=" " ind2=" ">
      <subfield code="a">Monographie</subfield>
    </datafield>
    <datafield tag="490" ind1="0" ind2=" ">
      <subfield code="a">Annual of Medieval Studies at CEU</subfield>
      <subfield code="v">6</subfield>
    </datafield>
    <datafield tag="650" ind1=" " ind2="4">
      <subfield code="a">Ausland</subfield>
      <subfield code="x">Ungarn</subfield>
      <subfield code="x">einzelne Hochschulen</subfield>
    </datafield>
    <datafield tag="650" ind1=" " ind2="4">
      <subfield code="a">Prüfungsordnungen</subfield>
      <subfield code="x">Geschichte</subfield>
    </datafield>
    <datafield tag="690" ind1=" " ind2=" ">
      <subfield code="a">Ungarn</subfield>
    </datafield>
    <datafield tag="700" ind1="1" ind2=" ">
      <subfield code="a">SZENDE, Katalin</subfield>
    </datafield>
    <datafield tag="852" ind1="4" ind2=" ">
      <subfield code="j">W 02-480</subfield>
      <subfield code="p">EZ0013IL</subfield>
    </datafield>
  </record>