
  <record xmlns="http://www.loc.gov/MARC21/slim">
    <leader>00000nam a2200000 c 4500</leader>
    <controlfield tag="001">69267</controlfield>
    <controlfield tag="006">a    |     |||||||</controlfield>
    <controlfield tag="008">001115s2000||||xx     |     |||||||ger||</controlfield>
    <datafield tag="084" ind1=" " ind2=" ">
      <subfield code="a">W 02-480</subfield>
    </datafield>
    <datafield tag="245" ind1="0" ind2="0">
      <subfield code="a">Deutsch in Ungarn 2000 - 02</subfield>
      <subfield code="b">Aktivitäten der deutschsprachigen Länder im Bildungs- und Kulturbereich</subfield>
      <subfield code="c">Goethe Institut Budapest ...</subfield>
    </datafield>
    <datafield tag="260" ind1=" " ind2=" ">
      <subfield code="b">Budapest</subfield>
      <subfield code="c">2000</subfield>
    </datafield>
    <datafield tag="300" ind1=" " ind2=" ">
      <subfield code="a">118 S.</subfield>
    </datafield>
    <datafield tag="336" ind1=" " ind2=" ">
      <subfield code="a">Monographie</subfield>
    </datafield>
    <datafield tag="650" ind1=" " ind2="4">
      <subfield code="a">Deutsch als Fremdsprache</subfield>
    </datafield>
    <datafield tag="650" ind1=" " ind2="4">
      <subfield code="a">Goethe-Institute</subfield>
    </datafield>
    <datafield tag="650" ind1=" " ind2="4">
      <subfield code="a">Ausland</subfield>
      <subfield code="x">Ungarn</subfield>
      <subfield code="x">allgemein</subfield>
    </datafield>
    <datafield tag="690" ind1=" " ind2=" ">
      <subfield code="a">Ungarn</subfield>
    </datafield>
    <datafield tag="710" ind1="2" ind2=" ">
      <subfield code="a">GOETHE-INSTITUT &lt;BUDAPEST&gt;</subfield>
    </datafield>
    <datafield tag="852" ind1="4" ind2=" ">
      <subfield code="j">W 02-480</subfield>
      <subfield code="p">EZ0016IC</subfield>
    </datafield>
  </record>