
  <record>
    <leader>00000nam a2200000 c 4500</leader>
    <controlfield tag="001">66725</controlfield>
    <controlfield tag="006">a    |     |||||||</controlfield>
    <controlfield tag="008">990617s1999||||xx     |     |||||||eng||</controlfield>
    <datafield tag="084" ind1=" " ind2=" ">
      <subfield code="a">W 02-480</subfield>
      <subfield code="b">ANNU</subfield>
    </datafield>
    <datafield tag="110" ind1="2" ind2=" ">
      <subfield code="a">CENTRAL EUROPEAN UNIVERSITY &lt;BUDAPEST; WARSAW&gt; / DEPARTMENT OF MEDIEVAL STUDIES &lt;BUDAPEST&gt;</subfield>
    </datafield>
    <datafield tag="245" ind1="1" ind2="0">
      <subfield code="a">Annual of medieval studies at CEU 1997 - 1998</subfield>
      <subfield code="c">ed. by Katalin Szende</subfield>
    </datafield>
    <datafield tag="260" ind1=" " ind2=" ">
      <subfield code="b">Budapest</subfield>
      <subfield code="c">1999</subfield>
    </datafield>
    <datafield tag="300" ind1=" " ind2=" ">
      <subfield code="a">388 S.</subfield>
    </datafield>
    <datafield tag="336" ind1=" " ind2=" ">
      <subfield code="a">Monographie</subfield>
    </datafield>
    <datafield tag="650" ind1=" " ind2="4">
      <subfield code="a">Ausland</subfield>
      <subfield code="x">Ungarn</subfield>
      <subfield code="x">einzelne Hochschulen</subfield>
    </datafield>
    <datafield tag="650" ind1=" " ind2="4">
      <subfield code="a">Prüfungsordnungen</subfield>
      <subfield code="x">Geschichte</subfield>
    </datafield>
    <datafield tag="690" ind1=" " ind2=" ">
      <subfield code="a">Ungarn</subfield>
    </datafield>
    <datafield tag="700" ind1="1" ind2=" ">
      <subfield code="a">SZENDE, Katalin</subfield>
    </datafield>
    <datafield tag="852" ind1="4" ind2=" ">
      <subfield code="j">W 02-480 ANNU</subfield>
      <subfield code="p">EZ000ONQ</subfield>
    </datafield>
  </record>