
  <record>
    <leader>00000nam a2200000 c 4500</leader>
    <controlfield tag="001">78754</controlfield>
    <controlfield tag="006">a    |     |||||||</controlfield>
    <controlfield tag="008">150223s2014||||xx     |     |||||||ger||</controlfield>
    <datafield tag="020" ind1=" " ind2=" ">
      <subfield code="a">978-3-86205-400-8</subfield>
    </datafield>
    <datafield tag="084" ind1=" " ind2=" ">
      <subfield code="a">W 02-480</subfield>
      <subfield code="b">FELD</subfield>
    </datafield>
    <datafield tag="100" ind1="1" ind2=" ">
      <subfield code="a">FELD-KNAPP, Ilona</subfield>
    </datafield>
    <datafield tag="245" ind1="1" ind2="0">
      <subfield code="a">Universitäre DaF-Lehrerausbildung in Ungarn im Spannungsfeld von Traditionen und neuen Herausforderungen</subfield>
      <subfield code="c">Ilona Feld-Knapp</subfield>
    </datafield>
    <datafield tag="250" ind1=" " ind2=" ">
      <subfield code="a">neue Ausg.</subfield>
    </datafield>
    <datafield tag="260" ind1=" " ind2=" ">
      <subfield code="a">München</subfield>
      <subfield code="b">Iudicium</subfield>
      <subfield code="c">2014</subfield>
    </datafield>
    <datafield tag="300" ind1=" " ind2=" ">
      <subfield code="a">253 S:</subfield>
    </datafield>
    <datafield tag="336" ind1=" " ind2=" ">
      <subfield code="a">Monographie</subfield>
    </datafield>
    <datafield tag="365" ind1=" " ind2=" ">
      <subfield code="b">26,6</subfield>
    </datafield>
    <datafield tag="520" ind1=" " ind2=" ">
      <subfield code="a">Lehrerausbildung ist ein viel diskutiertes Gebiet der universitären Bildung und steht seit ihrer institutionellen Etablierung immer wieder im Blickpunkt des öffentlichen Interesses. Der Band knüpft an die aktuelle Diskussion um eine Reform der Lehrerausbildung in Ungarn an und setzt sich zum Ziel, zur inhaltlichen Erneuerung der universitären Ausbildung von Fremdsprachenlehrern für den DaF-Unterricht an schulischen Einrichtungen beizutragen. Eine inhaltliche Neugestaltung umfasst in Lehre und Forschung eine Öffnung und Hinwendung zum Beruf, zum Praxisfeld, in dem Lehrer tätig sind. Der Band erfasst das Praxisfeld anhand einer fachdidaktisch angelegten empirischen Untersuchung zum beruflichen Selbstverständnis von ungarischen DaF-Lehrern. Aufgrund dieser Forschungsergebnisse werden Schlussfolgerungen für eine neue inhaltliche Orientierung der zukünftigen universitären DaF-Lehrerausbildung gezogen. (HRK / Abstract übernommen)</subfield>
    </datafield>
    <datafield tag="650" ind1=" " ind2="4">
      <subfield code="a">Deutsch als Fremdsprache</subfield>
    </datafield>
    <datafield tag="650" ind1=" " ind2="4">
      <subfield code="a">Lehrerbildung</subfield>
      <subfield code="x">allgemein</subfield>
    </datafield>
    <datafield tag="650" ind1=" " ind2="4">
      <subfield code="a">Ausland</subfield>
      <subfield code="x">Ungarn</subfield>
      <subfield code="x">Studenten, Studium, Lehre</subfield>
    </datafield>
    <datafield tag="650" ind1=" " ind2="4">
      <subfield code="a">Ausland</subfield>
      <subfield code="x">Ungarn</subfield>
      <subfield code="x">Auslandsbeziehungen</subfield>
    </datafield>
    <datafield tag="690" ind1=" " ind2=" ">
      <subfield code="a">Ungarn</subfield>
    </datafield>
    <datafield tag="852" ind1="4" ind2=" ">
      <subfield code="j">W 02-480 FELD</subfield>
      <subfield code="p">EZ003EVR</subfield>
    </datafield>
  </record>