
  <record>
    <leader>00000nam a2200000 c 4500</leader>
    <controlfield tag="001">103574</controlfield>
    <controlfield tag="006">a    |     |||||||</controlfield>
    <controlfield tag="008">020218s1967||||xx     |     |||||||ger||</controlfield>
    <datafield tag="084" ind1=" " ind2=" ">
      <subfield code="a">K 02</subfield>
    </datafield>
    <datafield tag="110" ind1="2" ind2=" ">
      <subfield code="a">ALEXANDER VON HUMBOLDT-STIFTUNG</subfield>
    </datafield>
    <datafield tag="245" ind1="1" ind2="0">
      <subfield code="a">Ziele und Aufgaben der Alexander von Humboldt-Stiftung</subfield>
      <subfield code="c">Alexander von Humboldt-Stiftung</subfield>
    </datafield>
    <datafield tag="260" ind1=" " ind2=" ">
      <subfield code="b">Bad Godesberg</subfield>
      <subfield code="c">1967</subfield>
    </datafield>
    <datafield tag="300" ind1=" " ind2=" ">
      <subfield code="a">15 S.</subfield>
      <subfield code="e">Anh.</subfield>
    </datafield>
    <datafield tag="336" ind1=" " ind2=" ">
      <subfield code="a">Mono Alt</subfield>
    </datafield>
    <datafield tag="650" ind1=" " ind2="4">
      <subfield code="a">Humboldt-Stiftung</subfield>
    </datafield>
    <datafield tag="690" ind1=" " ind2=" ">
      <subfield code="a">Alexander von Humboldt-Stiftung</subfield>
    </datafield>
    <datafield tag="852" ind1="4" ind2=" ">
      <subfield code="j">K 02</subfield>
      <subfield code="p">EZ001JPS</subfield>
    </datafield>
  </record>