
  <record>
    <leader>00000nam a2200000 c 4500</leader>
    <controlfield tag="001">76321</controlfield>
    <controlfield tag="006">a    |     |||||||</controlfield>
    <controlfield tag="008">101123s2008||||xx     |     |||||||ger||</controlfield>
    <datafield tag="020" ind1=" " ind2=" ">
      <subfield code="a">978-3-8183-0536-9</subfield>
    </datafield>
    <datafield tag="084" ind1=" " ind2=" ">
      <subfield code="a">B 11</subfield>
      <subfield code="b">HAND</subfield>
    </datafield>
    <datafield tag="245" ind1="0" ind2="0">
      <subfield code="a">Handbuch Wissenschaft kommunizieren</subfield>
      <subfield code="b">Öffentlichkeitsarbeit, Transfer und Marketing für Lehre und Forschung</subfield>
      <subfield code="c">hrsg. von Andreas Archut ...</subfield>
    </datafield>
    <datafield tag="260" ind1=" " ind2=" ">
      <subfield code="a">Berlin</subfield>
      <subfield code="b">Raabe</subfield>
      <subfield code="c">2008</subfield>
    </datafield>
    <datafield tag="300" ind1=" " ind2=" ">
      <subfield code="a">Losebl.-Ausg.</subfield>
      <subfield code="e">1 CD-ROM</subfield>
    </datafield>
    <datafield tag="336" ind1=" " ind2=" ">
      <subfield code="a">Monographie</subfield>
    </datafield>
    <datafield tag="365" ind1=" " ind2=" ">
      <subfield code="b">98</subfield>
    </datafield>
    <datafield tag="520" ind1=" " ind2=" ">
      <subfield code="a">In der Wissenschaftslandschaft ist präzise Kommunikation unabdingbar. Über die Scientific Community hinaus findet immer stärker auch die Kommunikation mit und in der allgemeinen Öffentlichkeit Beachtung - so sind z.B. Schüler, Studierende, Mitarbeiter, Journalisten, Wirtschafts- oder Verbandsvertreter wichtige Interessengruppen. Geschrieben von zahlreichen Experten aus Hochschule, Wissenschaft, Öffentlichkeitsarbeit und Journalismus, beinhaltet das Handbuch alle Entscheidungsgrundlagen sachgerechter und rechtssicherer Kommunikation, die Wissenschaftler und Wissenschaftsmanager hierfür brauchen. (HRK / Abstract übernommen)</subfield>
    </datafield>
    <datafield tag="650" ind1=" " ind2="4">
      <subfield code="a">Presse</subfield>
    </datafield>
    <datafield tag="650" ind1=" " ind2="4">
      <subfield code="a">Kommunikationstechnik</subfield>
    </datafield>
    <datafield tag="650" ind1=" " ind2="4">
      <subfield code="a">Multimedia / Internet</subfield>
    </datafield>
    <datafield tag="650" ind1=" " ind2="4">
      <subfield code="a">Urheberrecht</subfield>
    </datafield>
    <datafield tag="650" ind1=" " ind2="4">
      <subfield code="a">Prüfungsordnungen</subfield>
      <subfield code="x">Journalismus</subfield>
    </datafield>
    <datafield tag="650" ind1=" " ind2="4">
      <subfield code="a">Fremdsprachen</subfield>
    </datafield>
    <datafield tag="650" ind1=" " ind2="4">
      <subfield code="a">Informationsgesellschaft / Wissensgesellschaft</subfield>
    </datafield>
    <datafield tag="650" ind1=" " ind2="4">
      <subfield code="a">Patente, Patentamt</subfield>
    </datafield>
    <datafield tag="650" ind1=" " ind2="4">
      <subfield code="a">Wissenschaftlicher Nachwuchs</subfield>
      <subfield code="x">allgemein</subfield>
    </datafield>
    <datafield tag="650" ind1=" " ind2="4">
      <subfield code="a">Medien</subfield>
    </datafield>
    <datafield tag="650" ind1=" " ind2="4">
      <subfield code="a">Forschung</subfield>
      <subfield code="x">Großforschung, Grundlagenforschung</subfield>
    </datafield>
    <datafield tag="650" ind1=" " ind2="4">
      <subfield code="a">Hochschulmarketing</subfield>
    </datafield>
    <datafield tag="650" ind1=" " ind2="4">
      <subfield code="a">Hochschule und Öffentlichkeit</subfield>
    </datafield>
    <datafield tag="690" ind1=" " ind2=" ">
      <subfield code="a">Presse</subfield>
    </datafield>
    <datafield tag="700" ind1="1" ind2=" ">
      <subfield code="a">ARCHUT, Andreas</subfield>
    </datafield>
    <datafield tag="852" ind1="4" ind2=" ">
      <subfield code="j">B 11 HAND</subfield>
      <subfield code="p">EZ002FJT</subfield>
    </datafield>
  </record>
</collection>
